@Book{		  ker99:pra,
  author	= {Kernighan, B. W. and Pike, R.},
  title		= {The Practice of Programming},
  publisher	= {Addison-Wesley},
  year		= 1999
}
